@book{ cormen-algorithms,
 author = {Thomas H. Cormen and Ronald L. Rivest and Charles E. Leiserson},
 title = {Introduction to Algorithms},
 year = {1989},
 isbn = {0070131430},
 publisher = {McGraw-Hill, Inc.},
 address = {New York, NY, USA},
}

@book{stroustrup97,
        author       = {Stroustrup, Bjarne},
        title        = {The C++ Programming Language, third edition},
        publisher    = {Addison-Wesley},
        year         = {1997},
}

@misc{tp1,
	author = {Berthier Ribeiro-Neto and Nivio Ziviani },
	title = {{TP1}: Projeto e implementação de um Crawler},
	year = {2007},
	month = {Abril},
	note = {Disponível em http://homepages.dcc.ufmg.br\allowbreak /$\sim$nivio\allowbreak /cursos\allowbreak /ri07\allowbreak /tp1\allowbreak /ri07tp1.txt },
}

@misc{tp2,
	author = {Berthier Ribeiro-Neto and Nivio Ziviani },
	title = {{TP2}: Arquivos invertidos},
	year = {2007},
	month = {Maio},
	note = {Disponível em http://homepages.dcc.ufmg.br\allowbreak /$\sim$nivio\allowbreak /cursos\allowbreak /ri07\allowbreak /tp2\allowbreak /ri07tp2.pdf },
}


@misc{rfc1034,
	author = {P. Mockapetris},
	title = {{RFC 1034: Domain names - Concepts and Facilities}},
	publisher = {{USC}/Information Sciences Institute},
	month= {November},
	year = {1987},
	url = {http://www.ietf.org/rfc/rfc1034.txt}
}

@misc{rfc3986,
	title = {{RFC 3986: Uniform Resource Identifier (URI): Generic Syntax}},
	author = {T. Berners-Lee},
	month = {January},
	year = {2005},
	url = {http://www.ietf.org/rfc/rfc3986.txt}
}

@misc{rfc2616,
	title = {{RFC 2616, Hypertext Transfer Protocol -- HTTP/1.1}},
	author = {R. Fielding and J. Gettys and J. Mogul and H. Frystyk and L. Masinter and P. Leach and T. Berners-Lee},
	url = {http://www.rfc.net/rfc2616.html},
	year = {1999},
} 

@misc{rfc3023,
	title = {{RFC 3023: XML Media Types}},
	author = {M. Murata and S. St.Laurent and D. Kohn},
	month = {January},
	year = {2001},
        url = {http://www.ietf.org/rfc/rfc3023.txt},
}

@misc{rfc3236,
	title = {{RF 3236: The ``application/xhtml+xml'' Media Type}},
	author = {M. Baker and P. Stark},
	month = {January},
	year = {2002},
        url = {http://www.ietf.org/rfc/rfc3236.txt},
}



@TechReport{bray2006xml,
	title = {{Extensible Markup Language (XML) 1.0}},
	edition = {4th},
	author = {Tim Bray and Jean Paoli and C. M. Sperberg-McQueen and Eve Maler and François Yergeau},
	institution = {World Wide Web Consortium},
	number = {http://www.w3.org \allowbreak /TR\allowbreak /REC-xml\allowbreak /},
	year = {2006},
} 

@TechReport{html4tr,
    title = "{HTML 4.01 Specification}",
    author = {Le Hors, Arnaud and Raggett, Dave and Jacobs, Ian},
    institution = {World Wide Web Consortium},
    month = {December},
    year = {1999},
    number = {http://www.w3.org \allowbreak /TR\allowbreak /1999\allowbreak /REC-html401-19991224},
    howpublished = { \url{http://www.w3.org/TR/1999/REC-html401-19991224} }
}

@TechReport{xhtml1,
    title = {{XHTML 1.0 The Extensible HyperText Markup Language}},
    author = {Steven Pemberton and Daniel Austin and Jonny Axelsson},
    institution = {World Wide Web Consortium},
    month = {August},
    year = {2002},
    number = {http://www.w3.org \allowbreak /TR\allowbreak /xhtml1/},
    howpublished = { \url{http://www.w3.org/TR/xhtml1/} }
}

@TechReport{xhtmlmediatypes,
    title = {{XHTML Media Types}},
    author = {Ishikawa Masayasu}, 
    institution = {World Wide Web Consortium},
    month = {August},
    year = {2002},
    number = {http://www.w3.org \allowbreak /TR\allowbreak /xhtml-media-types/},
    howpublished = { \url{http://www.w3.org/TR/xhtml-media-types/} }
}


@article{mozillaiuc,
	title = {A Composite Approach to Language/Encoding Detection},
	author = { Shanjian Li and Katsuhiko Momoi},
	year = {2001},
	month = {September},
	location = {San Jose, California, USA},
	conference = {19th International Unicode Conference},
	url = {http://www.mozilla.org/projects/intl/UniversalCharsetDetection.html},
	note = {http://www.unicode.org \allowbreak /iuc\allowbreak /iuc19\allowbreak /program.html},
}

@misc{robotstxt,
	title = {A Standard for Robot Exclusion},
	author = {Martijn Koster },
	note = {http://www.robotstxt.org \allowbreak /wc\allowbreak /norobots.html},
	month = {June},
	year = {1994},
}

@misc{robotsmeta,
	title = {{HTML} Author's Guide to the Robots {META} tag},
	note = {http://www.robotstxt.org \allowbreak /wc\allowbreak /norobots.html},
}

@misc{pythonlang,
	author = {Guido van Rossum},
	title = {Python programming language official website},
	note = {http://www.python.org/},
}

@misc{cxxtest,
	author = {Erez Volk},
	title = {{CxxTest}},
	note = {http://cxxtest.sourceforge.net/},
}

@inproceedings{baezayates2005crawling,
    author = {Ricardo Baeza-Yates and Carlos Castillo and Mauricio Marin and Andrea Rodriguez},
    title = {Crawling a country: better strategies than breadth-first for web page ordering},
    booktitle = {WWW '05: Special interest tracks and posters of the 14th international conference on World Wide Web},
    year = {2005},
    isbn = {1-59593-051-5},
    pages = {864--872},
    location = {Chiba, Japan},
    doi = {http://doi.acm.org/10.1145/1062745.1062768},
    publisher = {ACM Press},
    address = {New York, NY, USA},
}

@misc{saxxml,
	title = {{SAX: The Simple API for XML}},
	author = {David Megginson},
	note = {http://www.saxproject.org},
}

@article{driscoll1988relaxed,
 author = {James R. Driscoll and Harold N. Gabow and Ruth Shrairman and Robert E. Tarjan},
 title = {Relaxed heaps: an alternative to Fibonacci heaps with applications to parallel computation},
 journal = {Commun. ACM},
 volume = {31},
 number = {11},
 year = {1988},
 issn = {0001-0782},
 pages = {1343--1354},
 doi = {http://doi.acm.org/10.1145/50087.50096},
 publisher = {ACM Press},
 address = {New York, NY, USA},
 }

@book{moffat1999managing,
 author = {Ian H. Witten and Alistair Moffat and Timothy C. Bell},
 title = {Managing gigabytes (2nd ed.): compressing and indexing documents and images},
 year = {1999},
 isbn = {1-55860-570-3},
 publisher = {Morgan Kaufmann Publishers Inc.},
 address = {San Francisco, CA, USA},
 }

@article{moffat2006survey,
 author = {Justin Zobel and Alistair Moffat},
 title = {Inverted files for text search engines},
 journal = {ACM Comput. Surv.},
 volume = {38},
 number = {2},
 year = {2006},
 issn = {0360-0300},
 pages = {6},
 doi = {http://doi.acm.org/10.1145/1132956.1132959},
 publisher = {ACM Press},
 address = {New York, NY, USA},
 }

@inproceedings{zobel2002fastquery,
 author = {Falk Scholer and Hugh E. Williams and John Yiannis and Justin Zobel},
 title = {Compression of inverted indexes For fast query evaluation},
 booktitle = {SIGIR '02: Proceedings of the 25th annual international ACM SIGIR conference on Research and development in information retrieval},
 year = {2002},
 isbn = {1-58113-561-0},
 pages = {222--229},
 location = {Tampere, Finland},
 doi = {http://doi.acm.org/10.1145/564376.564416},
 publisher = {ACM Press},
 address = {New York, NY, USA},
 }
