@book{stroustrup97,
        author       = {Stroustrup, Bjarne},
        title        = {The C++ Programming Language, third edition},
        publisher    = {Addison-Wesley},
        year         = {1997},
}

@misc{tp1,
	author = {Berthier Ribeiro-Neto and Nivio Ziviani },
	title = {{TP1}: Projeto e implementação de um Crawler},
	year = {2007},
	month = {Abril},
	note = {Disponível em http://homepages.dcc.ufmg.br\allowbreak /$\sim$nivio\allowbreak /cursos\allowbreak /ri07\allowbreak /tp1\allowbreak /ri07tp1.txt },
}

@misc{rfc1034,
	author = {P. Mockapetris},
	title = {{RFC 1034: Domain names - Concepts and Facilities}},
	publisher = {{USC}/Information Sciences Institute},
	month= {November},
	year = {1987},
	url = {http://www.ietf.org/rfc/rfc1034.txt}
}

@misc{rfc3986,
	title = {{RFC 3986: Uniform Resource Identifier (URI): Generic Syntax}},
	author = {T. Berners-Lee},
	month = {January},
	year = {2005},
	url = {http://www.ietf.org/rfc/rfc3986.txt}
}

@misc{rfc2616,
	title = {{RFC 2616, Hypertext Transfer Protocol -- HTTP/1.1}},
	author = {R. Fielding and J. Gettys and J. Mogul and H. Frystyk and L. Masinter and P. Leach and T. Berners-Lee},
	url = {http://www.rfc.net/rfc2616.html},
	year = {1999},
} 

@misc{rfc3023,
	title = {{RFC 3023: XML Media Types}},
	author = {M. Murata and S. St.Laurent and D. Kohn},
	month = {January},
	year = {2001},
        url = {http://www.ietf.org/rfc/rfc3023.txt},
}

@TechReport{bray2006xml,
	title = {{Extensible Markup Language (XML) 1.0}},
	edition = {4th},
	author = {Tim Bray and Jean Paoli and C. M. Sperberg-McQueen and Eve Maler and François Yergeau},
	institution = {World Wide Web Consortium},
	number = {http://www.w3.org \allowbreak /TR\allowbreak /REC-xml\allowbreak /},
	year = {2006},
} 

@TechReport{html4tr,
    title = "{HTML 4.01 Specification}",
    author = {Le Hors, Arnaud and Raggett, Dave and Jacobs, Ian},
    institution = {World Wide Web Consortium},
    month = {December},
    year = {1999},
    number = {http://www.w3.org \allowbreak /TR\allowbreak /1999\allowbreak /REC-html401-19991224},
    howpublished = { \url{http://www.w3.org/TR/1999/REC-html401-19991224} }
}

@article{mozillaiuc,
	title = {A Composite Approach to Language/Encoding Detection},
	author = { Shanjian Li and Katsuhiko Momoi},
	year = {2001},
	month = {September},
	location = {San Jose, California, USA},
	conference = {19th International Unicode Conference},
	url = {http://www.mozilla.org/projects/intl/UniversalCharsetDetection.html},
	note = {http://www.unicode.org \allowbreak /iuc\allowbreak /iuc19\allowbreak /program.html},
}

@misc{robotstxt,
	title = {A Standard for Robot Exclusion},
	author = {Martijn Koster },
	note = {http://www.robotstxt.org \allowbreak /wc\allowbreak /norobots.html},
	month = {June},
	year = {1994},
}

@misc{robotsmeta,
	title = {{HTML} Author's Guide to the Robots {META} tag},
	note = {http://www.robotstxt.org \allowbreak /wc\allowbreak /norobots.html},
}

